@INPROCEEDINGS{4600388, 
author={C. {Haruechaiyasak} and S. {Kongyoung} and M. {Dailey}}, 
booktitle={2008 5th International Conference on Electrical Engineering/Electronics, Computer, Telecommunications and Information Technology}, 
title={A comparative study on Thai word segmentation approaches}, 
year={2008}, 
volume={1}, 
number={}, 
pages={125-128}, 
keywords={Bayes methods;decision trees;learning (artificial intelligence);natural language processing;support vector machines;Thai word segmentation;dictionary based word segmentation;machine learning based word segmentation;longest-matching algorithms;maximal matching;naive Bayes;decision tree;support vector machine;conditional random field;Machine learning algorithms;Dictionaries;Machine learning;Support vector machines;Niobium;Decision trees;Classification algorithms;Word segmentation;tokenization;morphological analysis;dictionary-based;machine learning algorithms}, 
doi={10.1109/ECTICON.2008.4600388}, 
ISSN={}, 
month={May},}

@book{phongpaichit1996,
  title={เศรษฐกิจ การเมือง ไทย สมัย กรุงเทพฯ},
  author={Phongpaichit, Pasuk and Baker, Christopher John},
  year={1996},
  publisher={Silkworm Books}
}